@BOOK{Stub,
  author =       "{Stub}",
  title =        "{\it Stub}",
  publisher =    "Stub",
  year =         "2016",
  isbn =         "11-111-1111-1",
}
